[gd_scene load_steps=5 format=2]

[ext_resource path="res://world1/assets/back.png" type="Texture" id=1]
[ext_resource path="res://world1/background.gd" type="Script" id=2]
[ext_resource path="res://world1/assets/middle.png" type="Texture" id=3]
[ext_resource path="res://world1/assets/props.png" type="Texture" id=4]

[node name="background" type="ParallaxBackground"]
script = ExtResource( 2 )

[node name="background" type="ParallaxLayer" parent="."]
motion_mirroring = Vector2( 1050, 0 )

[node name="Back" type="Sprite" parent="background"]
position = Vector2( 524.968, 325 )
scale = Vector2( 2.73454, 2.70833 )
texture = ExtResource( 1 )
__meta__ = {
"_edit_lock_": true
}

[node name="props" type="ParallaxLayer" parent="."]
motion_scale = Vector2( 0.85, 1 )
motion_mirroring = Vector2( 1050, 0 )

[node name="Props" type="Sprite" parent="props"]
position = Vector2( 52, 326 )
texture = ExtResource( 4 )
region_enabled = true
region_rect = Rect2( 0, 222, 90, 110 )

[node name="Props2" type="Sprite" parent="props"]
position = Vector2( 236, 316 )
scale = Vector2( 1.40556, 1.11818 )
texture = ExtResource( 4 )
region_enabled = true
region_rect = Rect2( 0, 222, 90, 110 )

[node name="Props3" type="Sprite" parent="props"]
position = Vector2( 516, 358 )
scale = Vector2( 0.855556, 0.918182 )
texture = ExtResource( 4 )
region_enabled = true
region_rect = Rect2( 0, 222, 90, 110 )

[node name="Props4" type="Sprite" parent="props"]
position = Vector2( 710, 326 )
texture = ExtResource( 4 )
region_enabled = true
region_rect = Rect2( 0, 222, 90, 110 )

[node name="Props5" type="Sprite" parent="props"]
position = Vector2( 898, 334 )
scale = Vector2( 1.27778, 1.30909 )
texture = ExtResource( 4 )
region_enabled = true
region_rect = Rect2( 0, 222, 90, 110 )

[node name="foreground" type="ParallaxLayer" parent="."]
motion_scale = Vector2( 0.7, 1 )
motion_mirroring = Vector2( 1056, 0 )

[node name="Middle1" type="Sprite" parent="foreground"]
position = Vector2( 88, 462 )
texture = ExtResource( 3 )
__meta__ = {
"_edit_lock_": true
}

[node name="Middle2" type="Sprite" parent="foreground"]
position = Vector2( 264, 462 )
texture = ExtResource( 3 )
__meta__ = {
"_edit_lock_": true
}

[node name="Middle3" type="Sprite" parent="foreground"]
position = Vector2( 440, 462 )
texture = ExtResource( 3 )
__meta__ = {
"_edit_lock_": true
}

[node name="Middle4" type="Sprite" parent="foreground"]
position = Vector2( 616, 462 )
texture = ExtResource( 3 )
__meta__ = {
"_edit_lock_": true
}

[node name="Middle5" type="Sprite" parent="foreground"]
position = Vector2( 792, 462 )
texture = ExtResource( 3 )
__meta__ = {
"_edit_lock_": true
}

[node name="Middle6" type="Sprite" parent="foreground"]
position = Vector2( 968, 462 )
texture = ExtResource( 3 )
__meta__ = {
"_edit_lock_": true
}
